@article{KAN,
  title={KAN: Kolmogorov-Arnold Networks},
  author={Ziming Liu and Yixuan Wang and Sachin Vaidya and Fabian Ruehle and James Halverson and Marin Soljačić and Thomas Y. Hou and Max Tegmark},
  journal={arXiv:2404.19756 [cs.LG]},
  year={2024},
  url={https://arxiv.org/abs/2404.19756},
}

@article{matrixCookBook,
  title={The Matrix Cookbook},
  author={Kaare Brandt Petersen and Michael Syskind Pedersen},
  url={http://matrixcookbook.com},
  year={2012}
}

@book{Gaussian-Processes-for-Machine-Learning,
    title = {Gaussian Processes for Machine Learning},
    author = {C. E. Rasmussen and C. K. I. Williams},
    isbn = {026218253X},
    year = {2006},
    publisher = {the MIT Press},
}